<record><leader>00000cas a22000007a 4500</leader><controlfield tag="001">28916511</controlfield><controlfield tag="008">930930d18981uuuarudn ne      0    0eng d</controlfield><datafield ind1=" " ind2=" " tag="010"><subfield code="a">sn 93050667 </subfield></datafield><datafield ind1=" " ind2=" " tag="040"><subfield code="a">ANU</subfield><subfield code="b">eng</subfield><subfield code="c">ANU</subfield><subfield code="d">OCLCQ</subfield></datafield><datafield ind1=" " ind2=" " tag="042"><subfield code="a">msc</subfield></datafield><datafield ind1="0" ind2="0" tag="245"><subfield code="a">Daily soliphone-events.</subfield></datafield><datafield ind1=" " ind2=" " tag="260"><subfield code="a">Paragould, Ark. :</subfield><subfield code="b">A.B. Shafer &amp; Co.</subfield></datafield><datafield ind1=" " ind2=" " tag="300"><subfield code="a">v.</subfield></datafield><datafield ind1=" " ind2=" " tag="310"><subfield code="a">Daily (except Sunday)</subfield></datafield><datafield ind1="1" ind2=" " tag="362"><subfield code="a">Began in 1898.</subfield></datafield><datafield ind1=" " ind2=" " tag="588"><subfield code="a">Description based on: Vol. 1, no. 20 (Oct. 25, 1898).</subfield></datafield><datafield ind1=" " ind2="4" tag="651"><subfield code="a">Paragould (Ark.)</subfield><subfield code="v">Newspapers.</subfield></datafield><datafield ind1=" " ind2="4" tag="651"><subfield code="a">Greene County (Ark.)</subfield><subfield code="v">Newspapers.</subfield></datafield><datafield ind1=" " ind2=" " tag="752"><subfield code="a">United States</subfield><subfield code="b">Arkansas</subfield><subfield code="c">Greene</subfield><subfield code="d">Paragould.</subfield></datafield><datafield ind1="0" ind2="0" tag="785"><subfield code="t">Daily soliphone</subfield><subfield code="w">(DLC)sn 89051437</subfield></datafield><datafield ind1="1" ind2=" " tag="029"><subfield code="a">AU@</subfield><subfield code="b">000025890278</subfield></datafield></record>